%YAML 1.1
%TAG !u! tag:unity3d.com,2011:
--- !u!1 &185764
GameObject:
  m_ObjectHideFlags: 0
  m_CorrespondingSourceObject: {fileID: 0}
  m_PrefabInternal: {fileID: 100100000}
  serializedVersion: 6
  m_Component:
  - component: {fileID: 458192}
  - component: {fileID: 3353948}
  - component: {fileID: 2380302}
  - component: {fileID: 64797697233630152}
  m_Layer: 9
  m_Name: SM_Env_CrackedRock_03
  m_TagString: Untagged
  m_Icon: {fileID: 0}
  m_NavMeshLayer: 0
  m_StaticEditorFlags: 15
  m_IsActive: 1
--- !u!4 &458192
Transform:
  m_ObjectHideFlags: 1
  m_CorrespondingSourceObject: {fileID: 0}
  m_PrefabInternal: {fileID: 100100000}
  m_GameObject: {fileID: 185764}
  m_LocalRotation: {x: -0, y: 0.36888173, z: -0, w: 0.9294763}
  m_LocalPosition: {x: -41.84695, y: 0.6674099, z: -12.424135}
  m_LocalScale: {x: 1, y: 0.84409, z: 1}
  m_Children:
  - {fileID: 4472406461311274}
  - {fileID: 4831426722558806}
  - {fileID: 4119720943792828}
  - {fileID: 4897763804348906}
  - {fileID: 4528322982526738}
  - {fileID: 4125300428380312}
  - {fileID: 4555196881976510}
  - {fileID: 4043654778033254}
  - {fileID: 4792056771851984}
  - {fileID: 4440947392007946}
  - {fileID: 4366482749804872}
  - {fileID: 4486336411840974}
  - {fileID: 4865442185216536}
  - {fileID: 4802007936485834}
  m_Father: {fileID: 0}
  m_RootOrder: 0
  m_LocalEulerAnglesHint: {x: 0, y: 43.293003, z: 0}
--- !u!23 &2380302
MeshRenderer:
  m_ObjectHideFlags: 1
  m_CorrespondingSourceObject: {fileID: 0}
  m_PrefabInternal: {fileID: 100100000}
  m_GameObject: {fileID: 185764}
  m_Enabled: 1
  m_CastShadows: 1
  m_ReceiveShadows: 1
  m_DynamicOccludee: 1
  m_MotionVectors: 1
  m_LightProbeUsage: 1
  m_ReflectionProbeUsage: 1
  m_RenderingLayerMask: 4294967295
  m_Materials:
  - {fileID: 2100000, guid: 42b64fdb315e3054ea757d8d1c4bcfa7, type: 2}
  m_StaticBatchInfo:
    firstSubMesh: 0
    subMeshCount: 0
  m_StaticBatchRoot: {fileID: 0}
  m_ProbeAnchor: {fileID: 0}
  m_LightProbeVolumeOverride: {fileID: 0}
  m_ScaleInLightmap: 1
  m_PreserveUVs: 0
  m_IgnoreNormalsForChartDetection: 0
  m_ImportantGI: 0
  m_StitchLightmapSeams: 0
  m_SelectedEditorRenderState: 3
  m_MinimumChartSize: 4
  m_AutoUVMaxDistance: 0.5
  m_AutoUVMaxAngle: 89
  m_LightmapParameters: {fileID: 0}
  m_SortingLayerID: 0
  m_SortingLayer: 0
  m_SortingOrder: 0
--- !u!33 &3353948
MeshFilter:
  m_ObjectHideFlags: 1
  m_CorrespondingSourceObject: {fileID: 0}
  m_PrefabInternal: {fileID: 100100000}
  m_GameObject: {fileID: 185764}
  m_Mesh: {fileID: 4300000, guid: 3a22ac37a005da34aac8206a042bd3fa, type: 3}
--- !u!1001 &100100000
Prefab:
  m_ObjectHideFlags: 1
  serializedVersion: 2
  m_Modification:
    m_TransformParent: {fileID: 0}
    m_Modifications: []
    m_RemovedComponents: []
  m_SourcePrefab: {fileID: 0}
  m_RootGameObject: {fileID: 185764}
  m_IsPrefabAsset: 1
--- !u!1 &1012113740279214
GameObject:
  m_ObjectHideFlags: 0
  m_CorrespondingSourceObject: {fileID: 0}
  m_PrefabInternal: {fileID: 100100000}
  serializedVersion: 6
  m_Component:
  - component: {fileID: 4528322982526738}
  - component: {fileID: 65281245390960746}
  m_Layer: 9
  m_Name: Collider (4)
  m_TagString: Untagged
  m_Icon: {fileID: 0}
  m_NavMeshLayer: 0
  m_StaticEditorFlags: 0
  m_IsActive: 0
--- !u!1 &1086177747816408
GameObject:
  m_ObjectHideFlags: 0
  m_CorrespondingSourceObject: {fileID: 0}
  m_PrefabInternal: {fileID: 100100000}
  serializedVersion: 6
  m_Component:
  - component: {fileID: 4792056771851984}
  - component: {fileID: 65882838978882112}
  m_Layer: 9
  m_Name: Collider (8)
  m_TagString: Untagged
  m_Icon: {fileID: 0}
  m_NavMeshLayer: 0
  m_StaticEditorFlags: 0
  m_IsActive: 0
--- !u!1 &1182400728109592
GameObject:
  m_ObjectHideFlags: 0
  m_CorrespondingSourceObject: {fileID: 0}
  m_PrefabInternal: {fileID: 100100000}
  serializedVersion: 6
  m_Component:
  - component: {fileID: 4486336411840974}
  - component: {fileID: 65466408726313076}
  m_Layer: 9
  m_Name: Collider (11)
  m_TagString: Untagged
  m_Icon: {fileID: 0}
  m_NavMeshLayer: 0
  m_StaticEditorFlags: 0
  m_IsActive: 0
--- !u!1 &1230545773996456
GameObject:
  m_ObjectHideFlags: 0
  m_CorrespondingSourceObject: {fileID: 0}
  m_PrefabInternal: {fileID: 100100000}
  serializedVersion: 6
  m_Component:
  - component: {fileID: 4831426722558806}
  - component: {fileID: 65152870653509830}
  m_Layer: 9
  m_Name: Collider (1)
  m_TagString: Untagged
  m_Icon: {fileID: 0}
  m_NavMeshLayer: 0
  m_StaticEditorFlags: 0
  m_IsActive: 0
--- !u!1 &1231766889567384
GameObject:
  m_ObjectHideFlags: 0
  m_CorrespondingSourceObject: {fileID: 0}
  m_PrefabInternal: {fileID: 100100000}
  serializedVersion: 6
  m_Component:
  - component: {fileID: 4119720943792828}
  - component: {fileID: 65151425811330402}
  m_Layer: 9
  m_Name: Collider (2)
  m_TagString: Untagged
  m_Icon: {fileID: 0}
  m_NavMeshLayer: 0
  m_StaticEditorFlags: 0
  m_IsActive: 0
--- !u!1 &1297012561701426
GameObject:
  m_ObjectHideFlags: 0
  m_CorrespondingSourceObject: {fileID: 0}
  m_PrefabInternal: {fileID: 100100000}
  serializedVersion: 6
  m_Component:
  - component: {fileID: 4865442185216536}
  - component: {fileID: 65970655980454124}
  m_Layer: 9
  m_Name: Collider (12)
  m_TagString: Untagged
  m_Icon: {fileID: 0}
  m_NavMeshLayer: 0
  m_StaticEditorFlags: 0
  m_IsActive: 0
--- !u!1 &1305362373956596
GameObject:
  m_ObjectHideFlags: 0
  m_CorrespondingSourceObject: {fileID: 0}
  m_PrefabInternal: {fileID: 100100000}
  serializedVersion: 6
  m_Component:
  - component: {fileID: 4440947392007946}
  - component: {fileID: 65402980146871628}
  m_Layer: 9
  m_Name: Collider (9)
  m_TagString: Untagged
  m_Icon: {fileID: 0}
  m_NavMeshLayer: 0
  m_StaticEditorFlags: 0
  m_IsActive: 0
--- !u!1 &1532834175400444
GameObject:
  m_ObjectHideFlags: 0
  m_CorrespondingSourceObject: {fileID: 0}
  m_PrefabInternal: {fileID: 100100000}
  serializedVersion: 6
  m_Component:
  - component: {fileID: 4472406461311274}
  - component: {fileID: 65388442150923366}
  m_Layer: 9
  m_Name: Collider
  m_TagString: Untagged
  m_Icon: {fileID: 0}
  m_NavMeshLayer: 0
  m_StaticEditorFlags: 0
  m_IsActive: 0
--- !u!1 &1597301532992368
GameObject:
  m_ObjectHideFlags: 0
  m_CorrespondingSourceObject: {fileID: 0}
  m_PrefabInternal: {fileID: 100100000}
  serializedVersion: 6
  m_Component:
  - component: {fileID: 4125300428380312}
  - component: {fileID: 65712152525346686}
  m_Layer: 9
  m_Name: Collider (5)
  m_TagString: Untagged
  m_Icon: {fileID: 0}
  m_NavMeshLayer: 0
  m_StaticEditorFlags: 0
  m_IsActive: 0
--- !u!1 &1857904458496704
GameObject:
  m_ObjectHideFlags: 0
  m_CorrespondingSourceObject: {fileID: 0}
  m_PrefabInternal: {fileID: 100100000}
  serializedVersion: 6
  m_Component:
  - component: {fileID: 4043654778033254}
  - component: {fileID: 65733062497910380}
  m_Layer: 9
  m_Name: Collider (7)
  m_TagString: Untagged
  m_Icon: {fileID: 0}
  m_NavMeshLayer: 0
  m_StaticEditorFlags: 0
  m_IsActive: 0
--- !u!1 &1858234766882614
GameObject:
  m_ObjectHideFlags: 0
  m_CorrespondingSourceObject: {fileID: 0}
  m_PrefabInternal: {fileID: 100100000}
  serializedVersion: 6
  m_Component:
  - component: {fileID: 4897763804348906}
  - component: {fileID: 65261168480857176}
  m_Layer: 9
  m_Name: Collider (3)
  m_TagString: Untagged
  m_Icon: {fileID: 0}
  m_NavMeshLayer: 0
  m_StaticEditorFlags: 0
  m_IsActive: 0
--- !u!1 &1895817998513862
GameObject:
  m_ObjectHideFlags: 0
  m_CorrespondingSourceObject: {fileID: 0}
  m_PrefabInternal: {fileID: 100100000}
  serializedVersion: 6
  m_Component:
  - component: {fileID: 4555196881976510}
  - component: {fileID: 65849230012837298}
  m_Layer: 9
  m_Name: Collider (6)
  m_TagString: Untagged
  m_Icon: {fileID: 0}
  m_NavMeshLayer: 0
  m_StaticEditorFlags: 0
  m_IsActive: 0
--- !u!1 &1911086208738856
GameObject:
  m_ObjectHideFlags: 0
  m_CorrespondingSourceObject: {fileID: 0}
  m_PrefabInternal: {fileID: 100100000}
  serializedVersion: 6
  m_Component:
  - component: {fileID: 4366482749804872}
  - component: {fileID: 65322512231796938}
  m_Layer: 9
  m_Name: Collider (10)
  m_TagString: Untagged
  m_Icon: {fileID: 0}
  m_NavMeshLayer: 0
  m_StaticEditorFlags: 0
  m_IsActive: 0
--- !u!1 &1959743139629388
GameObject:
  m_ObjectHideFlags: 0
  m_CorrespondingSourceObject: {fileID: 0}
  m_PrefabInternal: {fileID: 100100000}
  serializedVersion: 6
  m_Component:
  - component: {fileID: 4802007936485834}
  - component: {fileID: 65098897336938460}
  m_Layer: 9
  m_Name: Collider (13)
  m_TagString: Untagged
  m_Icon: {fileID: 0}
  m_NavMeshLayer: 0
  m_StaticEditorFlags: 0
  m_IsActive: 0
--- !u!4 &4043654778033254
Transform:
  m_ObjectHideFlags: 1
  m_CorrespondingSourceObject: {fileID: 0}
  m_PrefabInternal: {fileID: 100100000}
  m_GameObject: {fileID: 1857904458496704}
  m_LocalRotation: {x: 0.0859996, y: 0.6242577, z: 0.18521303, w: -0.75405747}
  m_LocalPosition: {x: 0.476, y: -1.4996815, z: 2.159}
  m_LocalScale: {x: 4.366092, y: 1.3847047, z: 2.3537257}
  m_Children: []
  m_Father: {fileID: 458192}
  m_RootOrder: 7
  m_LocalEulerAnglesHint: {x: -21.158, y: 282.75, z: -10.625001}
--- !u!4 &4119720943792828
Transform:
  m_ObjectHideFlags: 1
  m_CorrespondingSourceObject: {fileID: 0}
  m_PrefabInternal: {fileID: 100100000}
  m_GameObject: {fileID: 1231766889567384}
  m_LocalRotation: {x: 0.1730251, y: -0, z: 0.000000033527616, w: 0.9849174}
  m_LocalPosition: {x: -5.46, y: -1.35, z: 10.65}
  m_LocalScale: {x: 7.97742, y: 1.9484664, z: 4.4346485}
  m_Children: []
  m_Father: {fileID: 458192}
  m_RootOrder: 2
  m_LocalEulerAnglesHint: {x: 19.927, y: 0, z: 0}
--- !u!4 &4125300428380312
Transform:
  m_ObjectHideFlags: 1
  m_CorrespondingSourceObject: {fileID: 0}
  m_PrefabInternal: {fileID: 100100000}
  m_GameObject: {fileID: 1597301532992368}
  m_LocalRotation: {x: -0.1951616, y: 0.7888685, z: 0.15672009, w: 0.5612818}
  m_LocalPosition: {x: -10.501999, y: -1.034, z: 9.200998}
  m_LocalScale: {x: 2.649039, y: 1.3847047, z: 2.3537257}
  m_Children: []
  m_Father: {fileID: 458192}
  m_RootOrder: 5
  m_LocalEulerAnglesHint: {x: -27.797, y: 111.26301, z: -8.581}
--- !u!4 &4366482749804872
Transform:
  m_ObjectHideFlags: 1
  m_CorrespondingSourceObject: {fileID: 0}
  m_PrefabInternal: {fileID: 100100000}
  m_GameObject: {fileID: 1911086208738856}
  m_LocalRotation: {x: -0.23399682, y: 0.69071436, z: -0.08478101, w: -0.67894876}
  m_LocalPosition: {x: -10.62, y: -1.52, z: 3.16}
  m_LocalScale: {x: 2.5974343, y: 1.3847047, z: 2.3537257}
  m_Children: []
  m_Father: {fileID: 458192}
  m_RootOrder: 10
  m_LocalEulerAnglesHint: {x: 25.777, y: 265.945, z: -13.363001}
--- !u!4 &4440947392007946
Transform:
  m_ObjectHideFlags: 1
  m_CorrespondingSourceObject: {fileID: 0}
  m_PrefabInternal: {fileID: 100100000}
  m_GameObject: {fileID: 1305362373956596}
  m_LocalRotation: {x: 0.29660872, y: 0.42216372, z: -0.0046944027, w: -0.85660905}
  m_LocalPosition: {x: -0.535, y: -0.5755948, z: -1.468}
  m_LocalScale: {x: 1.0137537, y: 0.5347928, z: 2.0970674}
  m_Children: []
  m_Father: {fileID: 458192}
  m_RootOrder: 9
  m_LocalEulerAnglesHint: {x: -30.278002, y: 302.783, z: 17.416}
--- !u!4 &4472406461311274
Transform:
  m_ObjectHideFlags: 1
  m_CorrespondingSourceObject: {fileID: 0}
  m_PrefabInternal: {fileID: 100100000}
  m_GameObject: {fileID: 1532834175400444}
  m_LocalRotation: {x: 0.11040965, y: 0.000000029802322, z: -0, w: 0.99388623}
  m_LocalPosition: {x: -4.57, y: -0.993, z: 2.56}
  m_LocalScale: {x: 9.7035675, y: 1.9437, z: 3.4102523}
  m_Children: []
  m_Father: {fileID: 458192}
  m_RootOrder: 0
  m_LocalEulerAnglesHint: {x: 12.678, y: 0, z: 0}
--- !u!4 &4486336411840974
Transform:
  m_ObjectHideFlags: 1
  m_CorrespondingSourceObject: {fileID: 0}
  m_PrefabInternal: {fileID: 100100000}
  m_GameObject: {fileID: 1182400728109592}
  m_LocalRotation: {x: -0.19994453, y: 0.85192144, z: -0.068162434, w: -0.47917202}
  m_LocalPosition: {x: -10.12, y: -0.79, z: 0.69}
  m_LocalScale: {x: 1.7977217, y: 1.3918154, z: 2.4708264}
  m_Children: []
  m_Father: {fileID: 458192}
  m_RootOrder: 11
  m_LocalEulerAnglesHint: {x: 17.924002, y: 236.04, z: -16.822}
--- !u!4 &4528322982526738
Transform:
  m_ObjectHideFlags: 1
  m_CorrespondingSourceObject: {fileID: 0}
  m_PrefabInternal: {fileID: 100100000}
  m_GameObject: {fileID: 1012113740279214}
  m_LocalRotation: {x: -0.18691652, y: 0.74061775, z: 0.08438152, w: 0.63986516}
  m_LocalPosition: {x: -10.562, y: -1.497, z: 7.063}
  m_LocalScale: {x: 4.362604, y: 1.3793347, z: 2.3459523}
  m_Children: []
  m_Father: {fileID: 458192}
  m_RootOrder: 4
  m_LocalEulerAnglesHint: {x: -21.358002, y: 100.324005, z: -10.448001}
--- !u!4 &4555196881976510
Transform:
  m_ObjectHideFlags: 1
  m_CorrespondingSourceObject: {fileID: 0}
  m_PrefabInternal: {fileID: 100100000}
  m_GameObject: {fileID: 1895817998513862}
  m_LocalRotation: {x: -0.0018915087, y: 0.8472106, z: 0.29875183, w: 0.4392928}
  m_LocalPosition: {x: -9.707, y: -0.585, z: 10.726}
  m_LocalScale: {x: 1.011928, y: 0.5314326, z: 2.0855668}
  m_Children: []
  m_Father: {fileID: 458192}
  m_RootOrder: 6
  m_LocalEulerAnglesHint: {x: -30.522001, y: 120.371, z: 17.516}
--- !u!4 &4792056771851984
Transform:
  m_ObjectHideFlags: 1
  m_CorrespondingSourceObject: {fileID: 0}
  m_PrefabInternal: {fileID: 100100000}
  m_GameObject: {fileID: 1086177747816408}
  m_LocalRotation: {x: 0.15851912, y: 0.54478526, z: 0.19175869, w: -0.8008179}
  m_LocalPosition: {x: 0.326, y: -1.0281091, z: 0.024}
  m_LocalScale: {x: 2.6503386, y: 1.3918743, z: 2.3652616}
  m_Children: []
  m_Father: {fileID: 458192}
  m_RootOrder: 8
  m_LocalEulerAnglesHint: {x: -27.570002, y: 293.69, z: -8.721001}
--- !u!4 &4802007936485834
Transform:
  m_ObjectHideFlags: 1
  m_CorrespondingSourceObject: {fileID: 0}
  m_PrefabInternal: {fileID: 100100000}
  m_GameObject: {fileID: 1959743139629388}
  m_LocalRotation: {x: 0.16026081, y: 0.7352298, z: 0.3087155, w: -0.58176327}
  m_LocalPosition: {x: 0.297, y: -0.89, z: 10.233}
  m_LocalScale: {x: 1.667029, y: 1.3985434, z: 2.0109155}
  m_Children: []
  m_Father: {fileID: 458192}
  m_RootOrder: 13
  m_LocalEulerAnglesHint: {x: -39.823, y: 260.06598, z: -9.257}
--- !u!4 &4831426722558806
Transform:
  m_ObjectHideFlags: 1
  m_CorrespondingSourceObject: {fileID: 0}
  m_PrefabInternal: {fileID: 100100000}
  m_GameObject: {fileID: 1230545773996456}
  m_LocalRotation: {x: -0.08416992, y: -0.000000029802322, z: 0.000000024214387, w: 0.99645144}
  m_LocalPosition: {x: -4.86, y: -1.03, z: 6.83}
  m_LocalScale: {x: 10.037191, y: 1.9462612, z: 4.429617}
  m_Children: []
  m_Father: {fileID: 458192}
  m_RootOrder: 1
  m_LocalEulerAnglesHint: {x: -9.657001, y: 0, z: 0}
--- !u!4 &4865442185216536
Transform:
  m_ObjectHideFlags: 1
  m_CorrespondingSourceObject: {fileID: 0}
  m_PrefabInternal: {fileID: 100100000}
  m_GameObject: {fileID: 1297012561701426}
  m_LocalRotation: {x: 0.2563108, y: 0.6998864, z: 0.1322659, w: -0.6534291}
  m_LocalPosition: {x: 0.84, y: -1.2, z: 7.18}
  m_LocalScale: {x: 4.6323624, y: 1.3900553, z: 2.3360305}
  m_Children: []
  m_Father: {fileID: 458192}
  m_RootOrder: 12
  m_LocalEulerAnglesHint: {x: -31.339, y: 262.52798, z: 12.573001}
--- !u!4 &4897763804348906
Transform:
  m_ObjectHideFlags: 1
  m_CorrespondingSourceObject: {fileID: 0}
  m_PrefabInternal: {fileID: 100100000}
  m_GameObject: {fileID: 1858234766882614}
  m_LocalRotation: {x: -0.15275212, y: -0, z: 0.000000011175872, w: 0.98826456}
  m_LocalPosition: {x: -5.46, y: -1.19, z: -0.51}
  m_LocalScale: {x: 7.9774194, y: 1.9542269, z: 3.323722}
  m_Children: []
  m_Father: {fileID: 458192}
  m_RootOrder: 3
  m_LocalEulerAnglesHint: {x: -17.573, y: 0, z: 0}
--- !u!64 &64797697233630152
MeshCollider:
  m_ObjectHideFlags: 1
  m_CorrespondingSourceObject: {fileID: 0}
  m_PrefabInternal: {fileID: 100100000}
  m_GameObject: {fileID: 185764}
  m_Material: {fileID: 13400000, guid: b13e6bcee240bdc4f96bd497637597e4, type: 2}
  m_IsTrigger: 0
  m_Enabled: 1
  serializedVersion: 3
  m_Convex: 1
  m_CookingOptions: 14
  m_SkinWidth: 0.01
  m_Mesh: {fileID: 4300000, guid: 3a22ac37a005da34aac8206a042bd3fa, type: 3}
--- !u!65 &65098897336938460
BoxCollider:
  m_ObjectHideFlags: 1
  m_CorrespondingSourceObject: {fileID: 0}
  m_PrefabInternal: {fileID: 100100000}
  m_GameObject: {fileID: 1959743139629388}
  m_Material: {fileID: 13400000, guid: b13e6bcee240bdc4f96bd497637597e4, type: 2}
  m_IsTrigger: 0
  m_Enabled: 1
  serializedVersion: 2
  m_Size: {x: 1, y: 1, z: 1}
  m_Center: {x: 0, y: 0, z: 0}
--- !u!65 &65151425811330402
BoxCollider:
  m_ObjectHideFlags: 1
  m_CorrespondingSourceObject: {fileID: 0}
  m_PrefabInternal: {fileID: 100100000}
  m_GameObject: {fileID: 1231766889567384}
  m_Material: {fileID: 13400000, guid: b13e6bcee240bdc4f96bd497637597e4, type: 2}
  m_IsTrigger: 0
  m_Enabled: 1
  serializedVersion: 2
  m_Size: {x: 1, y: 1, z: 1}
  m_Center: {x: 0, y: 0, z: 0}
--- !u!65 &65152870653509830
BoxCollider:
  m_ObjectHideFlags: 1
  m_CorrespondingSourceObject: {fileID: 0}
  m_PrefabInternal: {fileID: 100100000}
  m_GameObject: {fileID: 1230545773996456}
  m_Material: {fileID: 13400000, guid: b13e6bcee240bdc4f96bd497637597e4, type: 2}
  m_IsTrigger: 0
  m_Enabled: 1
  serializedVersion: 2
  m_Size: {x: 1, y: 1, z: 1}
  m_Center: {x: 0, y: 0, z: 0}
--- !u!65 &65261168480857176
BoxCollider:
  m_ObjectHideFlags: 1
  m_CorrespondingSourceObject: {fileID: 0}
  m_PrefabInternal: {fileID: 100100000}
  m_GameObject: {fileID: 1858234766882614}
  m_Material: {fileID: 13400000, guid: b13e6bcee240bdc4f96bd497637597e4, type: 2}
  m_IsTrigger: 0
  m_Enabled: 1
  serializedVersion: 2
  m_Size: {x: 1, y: 1, z: 1}
  m_Center: {x: 0, y: 0, z: 0}
--- !u!65 &65281245390960746
BoxCollider:
  m_ObjectHideFlags: 1
  m_CorrespondingSourceObject: {fileID: 0}
  m_PrefabInternal: {fileID: 100100000}
  m_GameObject: {fileID: 1012113740279214}
  m_Material: {fileID: 13400000, guid: b13e6bcee240bdc4f96bd497637597e4, type: 2}
  m_IsTrigger: 0
  m_Enabled: 1
  serializedVersion: 2
  m_Size: {x: 1, y: 1, z: 1}
  m_Center: {x: 0, y: 0, z: 0}
--- !u!65 &65322512231796938
BoxCollider:
  m_ObjectHideFlags: 1
  m_CorrespondingSourceObject: {fileID: 0}
  m_PrefabInternal: {fileID: 100100000}
  m_GameObject: {fileID: 1911086208738856}
  m_Material: {fileID: 13400000, guid: b13e6bcee240bdc4f96bd497637597e4, type: 2}
  m_IsTrigger: 0
  m_Enabled: 1
  serializedVersion: 2
  m_Size: {x: 1, y: 1, z: 1}
  m_Center: {x: 0, y: 0, z: 0}
--- !u!65 &65388442150923366
BoxCollider:
  m_ObjectHideFlags: 1
  m_CorrespondingSourceObject: {fileID: 0}
  m_PrefabInternal: {fileID: 100100000}
  m_GameObject: {fileID: 1532834175400444}
  m_Material: {fileID: 13400000, guid: b13e6bcee240bdc4f96bd497637597e4, type: 2}
  m_IsTrigger: 0
  m_Enabled: 1
  serializedVersion: 2
  m_Size: {x: 1, y: 1, z: 1}
  m_Center: {x: 0, y: 0, z: 0}
--- !u!65 &65402980146871628
BoxCollider:
  m_ObjectHideFlags: 1
  m_CorrespondingSourceObject: {fileID: 0}
  m_PrefabInternal: {fileID: 100100000}
  m_GameObject: {fileID: 1305362373956596}
  m_Material: {fileID: 13400000, guid: b13e6bcee240bdc4f96bd497637597e4, type: 2}
  m_IsTrigger: 0
  m_Enabled: 1
  serializedVersion: 2
  m_Size: {x: 1, y: 1, z: 1}
  m_Center: {x: 0, y: 0, z: 0}
--- !u!65 &65466408726313076
BoxCollider:
  m_ObjectHideFlags: 1
  m_CorrespondingSourceObject: {fileID: 0}
  m_PrefabInternal: {fileID: 100100000}
  m_GameObject: {fileID: 1182400728109592}
  m_Material: {fileID: 13400000, guid: b13e6bcee240bdc4f96bd497637597e4, type: 2}
  m_IsTrigger: 0
  m_Enabled: 1
  serializedVersion: 2
  m_Size: {x: 1, y: 1, z: 1}
  m_Center: {x: 0, y: 0, z: 0}
--- !u!65 &65712152525346686
BoxCollider:
  m_ObjectHideFlags: 1
  m_CorrespondingSourceObject: {fileID: 0}
  m_PrefabInternal: {fileID: 100100000}
  m_GameObject: {fileID: 1597301532992368}
  m_Material: {fileID: 13400000, guid: b13e6bcee240bdc4f96bd497637597e4, type: 2}
  m_IsTrigger: 0
  m_Enabled: 1
  serializedVersion: 2
  m_Size: {x: 1, y: 1, z: 1}
  m_Center: {x: 0, y: 0, z: 0}
--- !u!65 &65733062497910380
BoxCollider:
  m_ObjectHideFlags: 1
  m_CorrespondingSourceObject: {fileID: 0}
  m_PrefabInternal: {fileID: 100100000}
  m_GameObject: {fileID: 1857904458496704}
  m_Material: {fileID: 13400000, guid: b13e6bcee240bdc4f96bd497637597e4, type: 2}
  m_IsTrigger: 0
  m_Enabled: 1
  serializedVersion: 2
  m_Size: {x: 1, y: 1, z: 1}
  m_Center: {x: 0, y: 0, z: 0}
--- !u!65 &65849230012837298
BoxCollider:
  m_ObjectHideFlags: 1
  m_CorrespondingSourceObject: {fileID: 0}
  m_PrefabInternal: {fileID: 100100000}
  m_GameObject: {fileID: 1895817998513862}
  m_Material: {fileID: 13400000, guid: b13e6bcee240bdc4f96bd497637597e4, type: 2}
  m_IsTrigger: 0
  m_Enabled: 1
  serializedVersion: 2
  m_Size: {x: 1, y: 1, z: 1}
  m_Center: {x: 0, y: 0, z: 0}
--- !u!65 &65882838978882112
BoxCollider:
  m_ObjectHideFlags: 1
  m_CorrespondingSourceObject: {fileID: 0}
  m_PrefabInternal: {fileID: 100100000}
  m_GameObject: {fileID: 1086177747816408}
  m_Material: {fileID: 13400000, guid: b13e6bcee240bdc4f96bd497637597e4, type: 2}
  m_IsTrigger: 0
  m_Enabled: 1
  serializedVersion: 2
  m_Size: {x: 1, y: 1, z: 1}
  m_Center: {x: 0, y: 0, z: 0}
--- !u!65 &65970655980454124
BoxCollider:
  m_ObjectHideFlags: 1
  m_CorrespondingSourceObject: {fileID: 0}
  m_PrefabInternal: {fileID: 100100000}
  m_GameObject: {fileID: 1297012561701426}
  m_Material: {fileID: 13400000, guid: b13e6bcee240bdc4f96bd497637597e4, type: 2}
  m_IsTrigger: 0
  m_Enabled: 1
  serializedVersion: 2
  m_Size: {x: 1, y: 1, z: 1}
  m_Center: {x: 0, y: 0, z: 0}
